<record><leader>00000cas a22000007a 4500</leader><controlfield tag="001">13998081</controlfield><controlfield tag="008">860801d18821897iauwr ne      0    0eng d</controlfield><datafield ind1=" " ind2=" " tag="010"><subfield code="a">sn 86061081 </subfield></datafield><datafield ind1=" " ind2=" " tag="040"><subfield code="a">INP</subfield><subfield code="b">eng</subfield><subfield code="c">INP</subfield><subfield code="d">NPI</subfield><subfield code="d">INP</subfield><subfield code="d">OCLCQ</subfield></datafield><datafield ind1="0" ind2="0" tag="245"><subfield code="a">Morning Sun herald.</subfield></datafield><datafield ind1=" " ind2=" " tag="260"><subfield code="a">Morning Sun, Iowa :</subfield><subfield code="b">Naugle &amp; Howard</subfield></datafield><datafield ind1=" " ind2=" " tag="300"><subfield code="a">v. :</subfield><subfield code="b">ill. ;</subfield><subfield code="c">50 cm.</subfield></datafield><datafield ind1=" " ind2=" " tag="310"><subfield code="a">Weekly</subfield></datafield><datafield ind1="1" ind2=" " tag="362"><subfield code="a">Began with Apr. 6, 1882 issue; ceased in Dec. 1897.</subfield><subfield code="z">Cf. Bibl. of Iowa newspapers.</subfield></datafield><datafield ind1=" " ind2=" " tag="588"><subfield code="a">Description based on: Vol. 1, no. 16 (July 20, 1882).</subfield></datafield><datafield ind1=" " ind2=" " tag="752"><subfield code="a">United States</subfield><subfield code="b">Iowa</subfield><subfield code="c">Louisa</subfield><subfield code="d">Morning Sun.</subfield></datafield><datafield ind1="0" ind2="7" tag="785"><subfield code="t">Morning Sun news (Morning Sun, Iowa : 1887)</subfield><subfield code="w">(DLC)sn 86061080</subfield></datafield><datafield ind1="0" ind2="7" tag="785"><subfield code="t">News-herald (Morning Sun, Iowa)</subfield><subfield code="w">(DLC)sn 86061082</subfield></datafield></record>